@article{nevsetril2012origins,
  title={The origins of minimal spanning tree algorithms--Boruvka and Jarn{\i}k},
  author={Ne{\v{s}}etril, Jaroslav and Ne{\v{s}}etrilov{\'a}, Helena},
  journal={Documenta Mathematica},
  pages={127--141},
  year={2012}
}
@ARTICLE{4392963,
  author={Graham, R.L. and Hell, Pavol},
  journal={Annals of the History of Computing}, 
  title={On the History of the Minimum Spanning Tree Problem}, 
  year={1985},
  volume={7},
  number={1},
  pages={43-57},
  doi={10.1109/MAHC.1985.10011}}
  
 @article{mst,
author = {Myung, Young-Soo and Lee, Chang-Ho and Tcha, Dong-Wan},
title = {On the generalized minimum spanning tree problem},
journal = {Networks},
volume = {26},
number = {4},
pages = {231-241},
doi = {https://doi.org/10.1002/net.3230260407},
url = {https://onlinelibrary.wiley.com/doi/abs/10.1002/net.3230260407},
year = {1995}
}

@inproceedings{nagarajan2014application,
  title={Application of minimum spanning tree algorithm for network reduction of distribution systems},
  author={Nagarajan, Adarsh and Ayyanar, Raja},
  booktitle={2014 North American Power Symposium (NAPS)},
  pages={1--5},
  year={2014},
  organization={IEEE}
}

@article{FBAZLAMACCI2001767,
title = {Minimum-weight spanning tree algorithms A survey and empirical study},
journal = {Computers & Operations Research},
volume = {28},
number = {8},
pages = {767-785},
year = {2001},
issn = {0305-0548},
doi = {https://doi.org/10.1016/S0305-0548(00)00007-1},
url = {https://www.sciencedirect.com/science/article/pii/S0305054800000071},
author = {Cüneyt {F. Bazlamaçcı} and Khalil {S. Hindi}},
}

@inproceedings{rachmawati2020comparative,
  title={Comparative analysis of the Kruskal and Boruvka algorithms in solving minimum spanning tree on complete graph},
  author={Rachmawati, Dian and Pakpahan, Frederik Yan Putra and others},
  booktitle={2020 International Conference on Data Science, Artificial Intelligence, and Business Analytics (DATABIA)},
  pages={55--62},
  year={2020},
  organization={IEEE}
}

@article{neuman199495,
  title={95 years of Otakar Bor{\uu}vka},
  author={Neuman, Franti{\v{s}}ek},
  journal={Mathematica Bohemica},
  volume={119},
  number={1},
  pages={97--99},
  year={1994},
  publisher={Institute of Mathematics, Academy of Sciences of the Czech Republic}
}

@article{basavaprasad2014survey,
  title={A survey on traditional and graph theoretical techniques for image segmentation},
  author={Basavaprasad, B and Ravindra, S Hegadi},
  journal={International Journal of Computer Applications},
  volume={975},
  pages={8887},
  year={2014}
}

@article{gowda2021recent,
  title={Recent advances in graph theory and its applications},
  author={Gowda, Dankan V and Shashidhara, KS and Ramesha, M and Sridhara, SB and Kumar, SB Manoj},
  journal={Adv. Math. Sci. J.},
  volume={10},
  number={3},
  pages={1407--1412},
  year={2021}
}

@article{luo2018explaining,
  title={Explaining environmental sustainability in supply chains using graph theory},
  author={Luo, Zongwei and Dubey, Rameshwar and Papadopoulos, Thanos and Hazen, Benjamin and Roubaud, David},
  journal={Computational Economics},
  volume={52},
  number={4},
  pages={1257--1275},
  year={2018},
  publisher={Springer}
}

@article{kruskal1956shortest,
  title={On the shortest spanning subtree of a graph and the traveling salesman problem},
  author={Kruskal, Joseph B},
  journal={Proceedings of the American Mathematical society},
  volume={7},
  number={1},
  pages={48--50},
  year={1956},
  publisher={JSTOR}
}

@article{prim1957shortest,
  title={Shortest connection networks and some generalizations},
  author={Prim, Robert Clay},
  journal={The Bell System Technical Journal},
  volume={36},
  number={6},
  pages={1389--1401},
  year={1957},
  publisher={Nokia Bell Labs}
}

@INPROCEEDINGS{7092783,
  author={Mariano, Artur and Proenca, Alberto and Da Silva Sousa, Cristiano},
  booktitle={2015 23rd Euromicro International Conference on Parallel, Distributed, and Network-Based Processing}, 
  title={A Generic and Highly Efficient Parallel Variant of Boruvka's Algorithm}, 
  year={2015},
  volume={},
  number={},
  pages={610-617},
  doi={10.1109/PDP.2015.72}}
  
  @article{loftus2022ideal,
  title={Ideal algorithms in healthcare: Explainable, dynamic, precise, autonomous, fair, and reproducible},
  author={Loftus, Tyler J and Tighe, Patrick J and Ozrazgat-Baslanti, Tezcan and Davis, John P and Ruppert, Matthew M and Ren, Yuanfang and Shickel, Benjamin and Kamaleswaran, Rishikesan and Hogan, William R and Moorman, J Randall and others},
  journal={PLOS Digital Health},
  volume={1},
  number={1},
  year={2022},
  publisher={Public Library of Science San Francisco, CA USA}
}

@article{BANGJENSEN2004121,
title = {When the greedy algorithm fails},
journal = {Discrete Optimization},
volume = {1},
number = {2},
pages = {121-127},
year = {2004},
issn = {1572-5286},
doi = {https://doi.org/10.1016/j.disopt.2004.03.007},
url = {https://www.sciencedirect.com/science/article/pii/S1572528604000222},
author = {Jørgen Bang-Jensen and Gregory Gutin and Anders Yeo},

}

@article{chen2019coverage,
  title={A coverage-aware and energy-efficient protocol for the distributed wireless sensor networks},
  author={Chen, Da-Ren and Chen, Lin-Chih and Chen, Mu-Yen and Hsu, Ming-Yang},
  journal={Computer Communications},
  volume={137},
  pages={15--31},
  year={2019},
  publisher={Elsevier}
}

@article{ikikardes2006routing,
  title={Routing Algorithms for Safety Critical Wireless Sensor Networks},
  author={Ikikardes, Tunc},
  journal={Swiss Federal Institute of Technology Zurich, Zurich},
  year={2006}
}

@inproceedings{gabow1984scaling,
  title={Scaling and related techniques for geometry problems},
  author={Gabow, Harold N and Bentley, Jon Louis and Tarjan, Robert E},
  booktitle={Proceedings of the sixteenth annual ACM symposium on Theory of computing},
  pages={135--143},
  year={1984}
}

@inproceedings{wietrzyk1999dynamic,
  title={Dynamic reorganization of object databases},
  author={Wietrzyk, Vlad S and Orgun, Mehmet A},
  booktitle={Proceedings. IDEAS'99. International Database Engineering and Applications Symposium (Cat. No. PR00265)},
  pages={110--118},
  year={1999},
  organization={IEEE}
}